<?xml version="1.0" encoding="UTF-8"?><collection xmlns="http://www.loc.gov/MARC21/slim"><record><leader>00357nam--2200133-i-4500</leader><controlfield tag="001">000032956</controlfield><controlfield tag="002">20161230</controlfield><controlfield tag="005">20161230201039</controlfield><controlfield tag="008">060222s1000------------r-----000-0-eng-d</controlfield><datafield ind1=" " ind2=" " tag="080"><subfield code="a">519.684:681.3.068(043)</subfield></datafield><datafield ind1=" " ind2=" " tag="100"><subfield code="a">Migot, Valerie</subfield></datafield><datafield ind1=" " ind2=" " tag="245"><subfield code="a">Un pascal modulaire sous mentor. these</subfield></datafield><datafield ind1=" " ind2=" " tag="260"><subfield code="a">Orsay, L`Universite De Paris-sud, 1983. 120p</subfield></datafield><datafield ind1=" " ind2=" " tag="852"><subfield code="a">71788</subfield></datafield></record></collection>